@article{jiang2016cohort,
  title={Cohort query processing},
  author={Jiang, Dawei and Cai, Qingchao and Chen, Gang and Jagadish, HV and Ooi, Beng Chin and Tan, Kian-Lee and Tung, Anthony KH},
  journal={Proceedings of the VLDB Endowment},
  volume={10},
  number={1},
  pages={1--12},
  year={2016},
  publisher={VLDB Endowment}
}